@article{thekkath94,
title = {Separating Data and Control Transfer in Distributed Operating Systems},
author = {Chandramohan Thekkath and Henry M. Levy and Edward D. Lazowska},
year = {1994},
journal = {ASPLOS-6},
}

@article{AN-survey,
title = {A survey of active network research},
author = {David L Tennenhouse and others},
journal = {IEEE Communications Maganize},
year = {1997},
}

@article{AN-tcp,
    author = {Parveen Patel and Andrew Whitaker and David Wetherall and Jay Lepreau and Tim Stack},
    title = {Upgrading Transport Protocols Using Untrusted Mobile Code},
    year = {2003},
journal = {SOSP-19},
}

@article{FIRE,
    author = {Craig Partridge and others},
    title = {{FIRE}: Flexible Intra-AS Routing Environment},
    journal = {SIGCOMM},
    year = {2001},
}

@article{AD,
author = {Anurag Acharya and Mustafa Uysal and Joel Saltz},
title = {Active disks: programming model, algorithms and evaluation},
year = {1998},
journal = {ASPLOS-8},
}

@article{AD2,
author = {Garth Gibson and others},
title = {A cost-effective, high-bandwidth storage architecture},
journal = {ASPLOS-8},
year = {1998},
}

@article{ANTS,
author = {David Wetherall and John V Guttag and David L Tennenhouse},
title = {{ANTS}: A toolkit for building and dynamically deploying network protocols},
journal = {IEEE OPENARCH},
year = {1998},
}

@article{planet,
author = {M Hicks and others},
title = {{PLANet}: an active internetwork},
journal = {IEEE INFOCOM},
year = {1999},
}

@article{mobile,
author = {Antonia Carzaniga and Gian Pietro Picco and Giovanni Vigna},
title = {Designing distributed applications with mobile code paradigms},
journal = {ICSE},
year = {1997},
}